@inproceedings{Wittern:2016:LDJ:2901739.2901743,
 author = {Wittern, Erik and Suter, Philippe and Rajagopalan, Shriram},
 title = {A Look at the Dynamics of the JavaScript Package Ecosystem},
 booktitle = {Proceedings of the 13th International Conference on Mining Software Repositories},
 series = {MSR '16},
 year = {2016},
 isbn = {978-1-4503-4186-8},
 location = {Austin, Texas},
 pages = {351--361},
 numpages = {11},
 url = {http://doi.acm.org/10.1145/2901739.2901743},
 doi = {10.1145/2901739.2901743},
 acmid = {2901743},
 publisher = {ACM},
 address = {New York, NY, USA},
 keywords = {JavaScript, Node.js, software ecosystem analysis},
} 
@inproceedings{Gousi13,
  author = {Gousios, Georgios},
  title = {The GHTorrent dataset and tool suite},
  booktitle = {Proceedings of the 10th Working Conference on Mining Software
    Repositories},
  series = {MSR '13},
  year = {2013},
  isbn = {978-1-4673-2936-1},
  location = {San Francisco, CA, USA},
  pages = {233--236},
  numpages = {4},
  url = {http://dl.acm.org/citation.cfm?id=2487085.2487132},
  acmid = {2487132},
  publisher = {IEEE Press},
  address = {Piscataway, NJ, USA},
}